                  @Comment @misc{WebServiceDefinition,
                  @Comment        key =     {WebServiceDefinition},
                  @Comment        title =     {Web Services Architecture},
                  @Comment        howpublished = {Online Document},
                  @Comment        institution  = {World Wide Web Consortium},
                  @Comment        day =       {11},
                  @Comment        month =   {Feburary},
                  @Comment        year =     {2004},
                  @Comment        note =     {[online] \url{http://www.w3.org/TR/ws-arch/#whatis}},
                  @Comment        url ={http://www.w3.org/TR/ws-arch/#whatis}
                  @Comment }

                  @Comment @misc{SOAPTerminology,
                  @Comment        key =     {SOAPTerminology},
                  @Comment        title =     {SOAP Version 1.2 Part 1: Messaging Framework},
                  @Comment        howpublished = {Online Document},
                  @Comment        institution  = {World Wide Web Consortium},
                  @Comment        day =       {27},
                  @Comment        month =   {April},
                  @Comment        year =     {2007},
                  @Comment        note =     {[online] \url{http://www.w3.org/TR/soap12-part1/#terminology}},
                  @Comment        url = {http://www.w3.org/TR/soap12-part1/#terminology}
                  @Comment }
                  @Comment @misc{WSDLTerminology,
                  @Comment        key =     {WSDLTerminology},
                  @Comment        title =     {Web Services Description Language (WSDL) 1.1},
                  @Comment        howpublished = {Online Document},
                  @Comment        institution  = {World Wide Web Consortium},
                  @Comment        day =       {15},
                  @Comment        month =   {March},
                  @Comment        year =     {2001},
                  @Comment        note =     {[online] \url{http://www.w3.org/TR/wsdl#_introduction}},
                  @Comment        url = {http://www.w3.org/TR/wsdl#_introduction}
                  @Comment }
                  @Comment @misc{UDDITerminology,
                  @Comment        key =     {UDDITerminology},
                  @Comment        title =     {UDDI Version 2.04 API Specification},
                  @Comment        howpublished = {Online Document},
                  @Comment        institution  = {OASIS Open Organization},
                  @Comment        day =       {19},
                  @Comment        month =   {July},
                  @Comment        year =     {2002},
                  @Comment        note =     {[online] \url{http://uddi.org/pubs/ProgrammersAPI-V2.04-Published-20020719.htm#_Toc25137689}},
                  @Comment        url = {http://uddi.org/pubs/ProgrammersAPI-V2.04-Published-20020719.htm#_Toc25137689}
                  @Comment }

                  @Comment @misc{AxisIntroduction,
                  @Comment        key =     {AxisIntroduction},
                  @Comment        title =     {Axis Introduction},
                  @Comment        howpublished = {Online Document},
                  @Comment        institution  = {Apache Software Foundation},
                  @Comment        day =       {},
                  @Comment        month =   {},
                  @Comment        year =     {},
                  @Comment        note =     {[online] \url{http://ws.apache.org/axis/java/user-guide.html#Introduction}},
                  @Comment        url = {http://ws.apache.org/axis/java/user-guide.html#Introduction}
                  @Comment }

                  @Comment @misc{JAVA2WSDL,
                  @Comment        key =     {JAVA2WSDL},
                  @Comment        title =     {Axis JAVA2WSDL Reference},
                  @Comment        howpublished = {Online Document},
                  @Comment        institution  = {Apache Software Foundation},
                  @Comment        day =       {},
                  @Comment        month =   {},
                  @Comment        year =     {},
                  @Comment        note =     {[online] \url{http://ws.apache.org/axis/java/reference.html#Java2WSDLReference}},
                  @Comment        url = {http://ws.apache.org/axis/java/reference.html#Java2WSDLReference}
                  @Comment }

                  @Comment @misc{DeploymentWSDD,
                  @Comment        key =     {DeploymentWSDD},
                  @Comment        title =     {Axis DeploymentWSDD Reference },
                  @Comment        howpublished = {Online Document},
                  @Comment        institution  = {Apache Software Foundation},
                  @Comment        day =       {},
                  @Comment        month =   {},
                  @Comment        year =     {},
                  @Comment        note =     {[online] \url{http://ws.apache.org/axis/java/reference.html#DeploymentWSDDReference}},
                  @Comment        url = {http://ws.apache.org/axis/java/reference.html#DeploymentWSDDReference}
                  @Comment }
                  @Comment @misc{StaticDeployment,
                  @Comment        key =     {StaticDeployment},
                  @Comment        title =     {Axis StaticDeployment},
                  @Comment        howpublished = {Online Document},
                  @Comment        institution  = {Apache Software Foundation},
                  @Comment        day =       {},
                  @Comment        month =   {},
                  @Comment        year =     {},
                  @Comment        note =     {[online] \url{http://wiki.apache.org/ws/FrontPage/Axis/StaticDeployment}},
                  @Comment        url = {http://ws.apache.org/axis/java/reference.html#DeploymentWSDDReference}
                  @Comment }

                  @Comment @misc{WSDL2JAVA,
                  @Comment        key =     {WSDL2JAVA},
                  @Comment        title =     {Axis WSDL2JAVA Reference},
                  @Comment        howpublished = {Online Document},
                  @Comment        institution  = {Apache Software Foundation},
                  @Comment        day =       {},
                  @Comment        month =   {},
                  @Comment        year =     {},
                  @Comment        note =     {[online] \url{http://ws.apache.org/axis/java/reference.html#WSDL2JavaReference}},
                  @Comment        url = {http://ws.apache.org/axis/java/reference.html#WSDL2JavaReference}
                  @Comment }
