                  @misc{WebServiceDefinition,
                         key =     {WebServiceDefinition},
                         title =     {Web Services Architecture},
                         howpublished = {Online Document},
                         institution  = {World Wide Web Consortium},
                         day =       {11},
                         month =   {Feburary},
                         year =     {2004},
                         note =     {[online] \url{http://www.w3.org/TR/ws-arch/#whatis}},
                         url ={http://www.w3.org/TR/ws-arch/#whatis}
                  }

                  @misc{SOAPTerminology,
                         key =     {SOAPTerminology},
                         title =     {SOAP Version 1.2 Part 1: Messaging Framework},
                         howpublished = {Online Document},
                         institution  = {World Wide Web Consortium},
                         day =       {27},
                         month =   {April},
                         year =     {2007},
                         note =     {[online] \url{http://www.w3.org/TR/soap12-part1/#terminology}},
                         url = {http://www.w3.org/TR/soap12-part1/#terminology}
                  }
                  @misc{WSDLTerminology,
                         key =     {WSDLTerminology},
                         title =     {Web Services Description Language (WSDL) 1.1},
                         howpublished = {Online Document},
                         institution  = {World Wide Web Consortium},
                         day =       {15},
                         month =   {March},
                         year =     {2001},
                         note =     {[online] \url{http://www.w3.org/TR/wsdl#_introduction}},
                         url = {http://www.w3.org/TR/wsdl#_introduction}
                  }
                  @misc{UDDITerminology,
                         key =     {UDDITerminology},
                         title =     {UDDI Version 2.04 API Specification},
                         howpublished = {Online Document},
                         institution  = {OASIS Open Organization},
                         day =       {19},
                         month =   {July},
                         year =     {2002},
                         note =     {[online] \url{http://uddi.org/pubs/ProgrammersAPI-V2.04-Published-20020719.htm#_Toc25137689}},
                         url = {http://uddi.org/pubs/ProgrammersAPI-V2.04-Published-20020719.htm#_Toc25137689}
                  }

                  @misc{AxisIntroduction,
                         key =     {AxisIntroduction},
                         title =     {Axis Introduction},
                         howpublished = {Online Document},
                         institution  = {Apache Software Foundation},
                         day =       {},
                         month =   {},
                         year =     {},
                         note =     {[online] \url{http://ws.apache.org/axis/java/user-guide.html#Introduction}},
                         url = {http://ws.apache.org/axis/java/user-guide.html#Introduction}
                  }

                  @misc{JAVA2WSDL,
                         key =     {JAVA2WSDL},
                         title =     {Axis JAVA2WSDL Reference},
                         howpublished = {Online Document},
                         institution  = {Apache Software Foundation},
                         day =       {},
                         month =   {},
                         year =     {},
                         note =     {[online] \url{http://ws.apache.org/axis/java/reference.html#Java2WSDLReference}},
                         url = {http://ws.apache.org/axis/java/reference.html#Java2WSDLReference}
                  }

                  @misc{DeploymentWSDD,
                         key =     {DeploymentWSDD},
                         title =     {Axis DeploymentWSDD Reference },
                         howpublished = {Online Document},
                         institution  = {Apache Software Foundation},
                         day =       {},
                         month =   {},
                         year =     {},
                         note =     {[online] \url{http://ws.apache.org/axis/java/reference.html#DeploymentWSDDReference}},
                         url = {http://ws.apache.org/axis/java/reference.html#DeploymentWSDDReference}
                  }
                  @misc{StaticDeployment,
                         key =     {StaticDeployment},
                         title =     {Axis StaticDeployment},
                         howpublished = {Online Document},
                         institution  = {Apache Software Foundation},
                         day =       {},
                         month =   {},
                         year =     {},
                         note =     {[online] \url{http://wiki.apache.org/ws/FrontPage/Axis/StaticDeployment}},
                         url = {http://ws.apache.org/axis/java/reference.html#DeploymentWSDDReference}
                  }

                  @misc{WSDL2JAVA,
                         key =     {WSDL2JAVA},
                         title =     {Axis WSDL2JAVA Reference},
                         howpublished = {Online Document},
                         institution  = {Apache Software Foundation},
                         day =       {},
                         month =   {},
                         year =     {},
                         note =     {[online] \url{http://ws.apache.org/axis/java/reference.html#WSDL2JavaReference}},
                         url = {http://ws.apache.org/axis/java/reference.html#WSDL2JavaReference}
                  }
