                                   @misc{RootsOfLisp,
                         key =     {RootsOfLisp},
                         title =     {The Roots of Lisp},
                         howpublished = {Online Document},
                         institution  = {http://www.paulgraham.com},
                         day =       {},
                         month =   {May},
                         year =     {2001},
                         note =     {[online] \url{http://www.paulgraham.com/rootsoflisp.html}},
                         url ={http://www.paulgraham.com/rootsoflisp.html}
                  }
                   
